<record><leader>00000cas a2200000Ka 4500</leader><controlfield tag="001">690462839</controlfield><controlfield tag="006">m     o  d        </controlfield><controlfield tag="007">cr bn||||||abp</controlfield><controlfield tag="007">cr bn||||||ada</controlfield><controlfield tag="008">101207d18391853nhumr neo     |   a0eng d</controlfield><datafield ind1=" " ind2=" " tag="010"><subfield code="a">sn 91063159 </subfield></datafield><datafield ind1=" " ind2=" " tag="040"><subfield code="a">OCLCE</subfield><subfield code="b">eng</subfield><subfield code="c">OCLCE</subfield><subfield code="d">OCLCQ</subfield><subfield code="d">OCLCF</subfield><subfield code="d">OCLCO</subfield><subfield code="d">OCLCQ</subfield><subfield code="d">UAB</subfield></datafield><datafield ind1=" " ind2=" " tag="019"><subfield code="a">987637421</subfield></datafield><datafield ind1=" " ind2=" " tag="042"><subfield code="a">dlr</subfield></datafield><datafield ind1=" " ind2=" " tag="043"><subfield code="a">n-us-nh</subfield></datafield><datafield ind1=" " ind2="4" tag="050"><subfield code="a">S1</subfield><subfield code="b">.F3</subfield></datafield><datafield ind1="0" ind2="4" tag="082"><subfield code="a">630.5</subfield><subfield code="b">qF233m</subfield></datafield><datafield ind1="0" ind2=" " tag="130"><subfield code="a">Farmer's monthly visitor (Concord, N.H.)</subfield></datafield><datafield ind1="1" ind2="4" tag="245"><subfield code="a">The Farmer's monthly visitor.</subfield></datafield><datafield ind1=" " ind2=" " tag="260"><subfield code="a">Concord, N.H. :</subfield><subfield code="b">Wm. P. Foster</subfield></datafield><datafield ind1=" " ind2=" " tag="300"><subfield code="a">volumes</subfield></datafield><datafield ind1=" " ind2=" " tag="310"><subfield code="a">Monthly</subfield></datafield><datafield ind1=" " ind2=" " tag="336"><subfield code="a">text</subfield><subfield code="b">txt</subfield><subfield code="2">rdacontent</subfield></datafield><datafield ind1=" " ind2=" " tag="337"><subfield code="a">computer</subfield><subfield code="b">c</subfield><subfield code="2">rdamedia</subfield></datafield><datafield ind1=" " ind2=" " tag="338"><subfield code="a">online resource</subfield><subfield code="b">cr</subfield><subfield code="2">rdacarrier</subfield></datafield><datafield ind1="0" ind2=" " tag="362"><subfield code="a">Vol. 1, no. 1 (Jan. 15, 1839)-v. 13, no. 12 (Dec. 1853).</subfield></datafield><datafield ind1=" " ind2=" " tag="506"><subfield code="3">Use copy</subfield><subfield code="f">Restrictions unspecified</subfield><subfield code="2">star</subfield><subfield code="5">MiAaHDL</subfield></datafield><datafield ind1=" " ind2=" " tag="515"><subfield code="a">None published 1850-1851.</subfield></datafield><datafield ind1=" " ind2=" " tag="533"><subfield code="a">Electronic reproduction.</subfield><subfield code="b">[S.l.] :</subfield><subfield code="c">HathiTrust Digital Library,</subfield><subfield code="d">2010.</subfield><subfield code="5">MiAaHDL</subfield></datafield><datafield ind1=" " ind2=" " tag="538"><subfield code="a">Master and use copy. Digital master created according to Benchmark for Faithful Digital Reproductions of Monographs and Serials, Version 1. Digital Library Federation, December 2002.</subfield><subfield code="u">http://purl.oclc.org/DLF/benchrepro0212</subfield><subfield code="5">MiAaHDL</subfield></datafield><datafield ind1="1" ind2=" " tag="583"><subfield code="a">digitized</subfield><subfield code="c">2010</subfield><subfield code="h">HathiTrust Digital Library</subfield><subfield code="l">committed to preserve</subfield><subfield code="2">pda</subfield><subfield code="5">MiAaHDL</subfield></datafield><datafield ind1=" " ind2=" " tag="588"><subfield code="a">Description based on print version record.</subfield></datafield><datafield ind1=" " ind2=" " tag="506"><subfield code="a">Access restricted to authorized users and institutions.</subfield></datafield><datafield ind1=" " ind2="0" tag="650"><subfield code="a">Agriculture</subfield><subfield code="z">New Hampshire</subfield><subfield code="v">Periodicals.</subfield></datafield><datafield ind1=" " ind2="0" tag="650"><subfield code="a">Farmers</subfield><subfield code="z">New Hampshire</subfield><subfield code="v">Periodicals.</subfield></datafield><datafield ind1=" " ind2="7" tag="650"><subfield code="a">Agriculture.</subfield><subfield code="2">fast</subfield><subfield code="0">(OCoLC)fst00801355</subfield></datafield><datafield ind1=" " ind2="7" tag="650"><subfield code="a">Farmers.</subfield><subfield code="2">fast</subfield><subfield code="0">(OCoLC)fst00921321</subfield></datafield><datafield ind1=" " ind2="7" tag="651"><subfield code="a">New Hampshire.</subfield><subfield code="2">fast</subfield><subfield code="0">(OCoLC)fst01204318</subfield></datafield><datafield ind1=" " ind2="4" tag="655"><subfield code="a">Periodical publications.- Concord, New Hampshire.</subfield></datafield><datafield ind1=" " ind2="7" tag="655"><subfield code="a">Periodicals.</subfield><subfield code="2">fast</subfield><subfield code="0">(OCoLC)fst01411641</subfield></datafield><datafield ind1=" " ind2=" " tag="752"><subfield code="a">United States</subfield><subfield code="b">New Hampshire</subfield><subfield code="c">Merrimack</subfield><subfield code="d">Concord.</subfield></datafield><datafield ind1="1" ind2=" " tag="776"><subfield code="c">Original</subfield><subfield code="w">(DLC)sn 91063159</subfield><subfield code="w">(OCoLC)1568928</subfield></datafield><datafield ind1="0" ind2="5" tag="780"><subfield code="t">Cheshire farmer</subfield></datafield><datafield ind1="0" ind2="7" tag="785"><subfield code="t">Granite farmer</subfield></datafield><datafield ind1="0" ind2="7" tag="785"><subfield code="t">Granite farmer and visitor</subfield></datafield><datafield ind1="4" ind2="0" tag="856"><subfield code="3">HathiTrust Digital Library Full view</subfield><subfield code="u">http://catalog.hathitrust.org/api/volumes/oclc/1568928.html</subfield></datafield><datafield ind1="4" ind2="0" tag="856"><subfield code="3">University of Alberta Access: 1839-1849,1852</subfield><subfield code="u">http://search.ebscohost.com/direct.asp?db=h9j&amp;jid=%226IJY%22&amp;scope=site</subfield></datafield><datafield ind1="4" ind2="0" tag="856"><subfield code="3">University of Alberta Access: 1853</subfield><subfield code="u">http://search.ebscohost.com/direct.asp?db=h9k&amp;jid=%226IJY%22&amp;scope=site</subfield></datafield></record>